<?xml version="1.0" encoding="UTF-8"?><collection xmlns="http://www.loc.gov/MARC21/slim"><record><leader>00554nam--2200181-i-4500</leader><controlfield tag="001">000036719</controlfield><controlfield tag="002">20161230</controlfield><controlfield tag="005">20161230201041</controlfield><controlfield tag="008">060222s1000------------r-----000-0-fre-d</controlfield><datafield ind1=" " ind2=" " tag="040"><subfield code="a">IFIN-HH</subfield></datafield><datafield ind1=" " ind2=" " tag="041"><subfield code="a">fre</subfield></datafield><datafield ind1=" " ind2=" " tag="080"><subfield code="a">538.9(043)</subfield></datafield><datafield ind1="1" ind2=" " tag="100"><subfield code="a">Plejewski, Jan</subfield></datafield><datafield ind1="1" ind2="0" tag="245"><subfield code="a">Transformations structurales developpees dans l`alliage ti-35 nb. incidence sur les proprietes mecaniques et l`effet de memoire de forme</subfield><subfield code="b">These</subfield><subfield code="c">Jan plejewski</subfield></datafield><datafield ind1=" " ind2=" " tag="260"><subfield code="a">Orsay</subfield><subfield code="b">Universite</subfield><subfield code="c">1976</subfield></datafield><datafield ind1=" " ind2=" " tag="300"><subfield code="a">77P</subfield></datafield><datafield ind1=" " ind2=" " tag="852"><subfield code="a">77897</subfield><subfield code="c">539.21</subfield></datafield><datafield ind1=" " ind2=" " tag="CAT"><subfield code="a">Sys</subfield><subfield code="c">20121206</subfield><subfield code="h">171119</subfield></datafield></record></collection>